=LDR  01955cam a22004813  4500
=001  018411040
=003  Uk
=005  20230302120917.0
=007  cr\mn\024mpada
=008  871130|1571|||||||\\\\|s\\\\\|||\||ita\\
=FMT  \\$a  BK
=019  x\$a024459015X
=040  \\$aUk$cUk
=100  1\$aBenedetti, Rocco.
=245  10$aRagguaglio delle allegrezze, solennità, e feste fatte in Venetia per la felice vittoria [i.e. the victory over the Turks at Lepanto].
=264  \1$aVenetia :$bG. Perchaccino,$c1571.
=300  \\$c(4º)
=336  \\$atext$2rdacontent
=337  \\$acomputer$2rdamedia
=338  \\$aonline$2rdacarrier
=340  \\$m4to$2rdabf
=883  0\$aLanguage codes assigned by Bayesian analysis of words present in record$d20181024$qUk$c0.997
=859  \\$aXLD$bDCW
=859  \\$aXLD$bGOOGLEBOOKS
=852  4\$cDRT$jDigital Store 1312.c.47.$aBritish Library$bHMNTS
=985  \\$aCorrected by MS generated file for WR# 1805-0738
=CAT  \\$aBATCH-DCW$b00$c20170705$lBLL01$h0201
=CAT  \\$aBATCH-UPD$b00$c20170705$lBLL01$h0201
=CAT  \\$aR1710-0956$b00$c20171120$lBLL01$h1720
=CAT  \\$a1805-0738$c20190111$lBLL01$h1802
=CAT  \\$a1805-0738$b00$c20190111$lBLL01$h1825
=CAT  \\$aW1903-1550$b00$c20190614$lBLL01$h1913
=CAT  \\$aBATCH-UPD$b00$c20220508$lBLL01$h2132
=CAT  \\$aBATCH-DCW$b00$c20230302$lBLL01$h1208
=FIN  \\$aY$d20170705
=LKR  \\$aPAR$lBLL01$r776$b000268272$mRagguaglio delle allegrezze, solennità, e feste fatte in Venetia per la felice vittoria [i.e. the victory over the Turks at Lepanto].$nRagguaglio delle allegrezze, solennità, e feste fatte in Venetia per la felice vittoria [i.e. the victory over the Turks at Lepanto].
=DGM  \\$a000268272$bCatBridge variable field
=DRT  \\$aDCW
=DRT  \\$aGOOGLEBOOKS
=SRC  \\$aDCW$bDCW_20230301
=SRC  \\$aGOOGLEBOOKS$bGoogleBooks_20170704
=OHC  \\$a1
=LAS  \\$aBATCH-DCW$b00$c20230302$lBLL01$h1208

