=LDR  02046cam a22004813  4500
=001  018414942
=003  Uk
=005  20230302120917.0
=007  cr\mn\024mpada
=008  880412|1529|||||||\\\\|s\\\\||||\||ger\\
=FMT  \\$a  BK
=019  x\$a0590230085
=040  \\$aUk$cUk
=240  10$aAppendix. Biography. II. Separate Events. 5 Nov. 1529. Entry into Bologna
=245  10$aRömischer Kayerlicher Mayestet Einreytten, gen Boloniga. Auch wie sich Bäpstliche Hayligkait gegen seiner Kayserlichen Mayestaten gehalten habe, c.
=264  \1$c1529.
=300  \\$c(4º)
=336  \\$atext$2rdacontent
=337  \\$acomputer$2rdamedia
=338  \\$aonline$2rdacarrier
=340  \\$m4to$2rdabf
=720  \\$aCHARLES V., Emperor$emain entry
=883  0\$aLanguage codes assigned by Bayesian analysis of words present in record$d20200826$qUk$c0.9919
=859  \\$aXLD$bDCW
=859  \\$aXLD$bGOOGLEBOOKS
=852  4\$cDRT$jDigital Store 1315.b.45.$aBritish Library$bHMNTS
=985  \\$aCorrected by MS generated file for WR# 1805-0738
=985  \\$aUpgraded by BSS-generated file for WR2009-0365
=CAT  \\$aBATCH-DCW$b00$c20170708$lBLL01$h0201
=CAT  \\$aR1710-0956$b00$c20171120$lBLL01$h1720
=CAT  \\$a1805-0738$c20190111$lBLL01$h1803
=CAT  \\$a1805-0738$b00$c20190111$lBLL01$h1825
=CAT  \\$aW2009-0365$b00$c20200928$lBLL01$h1542
=CAT  \\$aBATCH-DCW$b00$c20230302$lBLL01$h1208
=FIN  \\$aY$d20170708
=LKR  \\$aPAR$lBLL01$r776$b000664144$mRömischer Kayerlicher Mayestet Einreytten, gen Boloniga. Auch wie sich Bäpstliche Hayligkait gegen seiner Kayserlichen Mayestaten gehalten habe, c.$nRömischer Kayerlicher Mayestet Einreytten, gen Boloniga. Auch wie sich Bäpstliche Hayligkait gegen seiner Kayserlichen Mayestaten gehalten habe, c.
=DGM  \\$a000664144$bCatBridge variable field
=DRT  \\$aDCW
=DRT  \\$aGOOGLEBOOKS
=SRC  \\$aDCW$bDCW_20230301
=SRC  \\$aGOOGLEBOOKS$bGoogleBooks_20170707
=OHC  \\$a1
=LAS  \\$aBATCH-DCW$b00$c20230302$lBLL01$h1208

