=LDR  02301cam a22004693  4500
=001  018453280
=003  Uk
=005  20230302120917.0
=007  cr\mn\024mpada
=008  880412|1520|||||||\\\\|s\\\\||||\||ger\\
=FMT  \\$a  BK
=019  x\$a0590210246
=040  \\$aUk$cUk
=240  10$aAppendix. Biography. II. Separate Events. 1519, 20. Election and Coronation at Aix-la-Chapelle
=245  10$aDes allerdurchleuchtigisten vnd grossmechtigisten Fürsten vnd herren herren Karls Romischen vnd Hyspanischen Konigs, auch künfftigen Kaysers Einzug, yetzt zu Ach am .xxij. tag Octobris beschehen, gantz lustbarlich vn̄ kurtzweylig zu lesen.
=264  \1$aNuremberg :$b[F. Peypus],$c[1520]
=300  \\$c(4º)
=336  \\$atext$2rdacontent
=337  \\$acomputer$2rdamedia
=338  \\$aonline$2rdacarrier
=340  \\$m4to$2rdabf
=720  \\$aCHARLES V., Emperor$emain entry
=883  0\$aLanguage codes assigned by Bayesian analysis of words present in record$d20181024$qUk$c0.997
=859  \\$aXLD$bDCW
=859  \\$aXLD$bGOOGLEBOOKS
=852  4\$cDRT$jDigital Store 1315.c.16.$aBritish Library$bHMNTS
=985  \\$aCorrected by MS generated file for WR# 1805-0738
=CAT  \\$aBATCH-DCW$b00$c20170803$lBLL01$h0200
=CAT  \\$aR1710-0956$b00$c20171120$lBLL01$h1721
=CAT  \\$a1805-0738$c20190111$lBLL01$h1804
=CAT  \\$a1805-0738$b00$c20190111$lBLL01$h1826
=CAT  \\$aW1903-1550$b00$c20190614$lBLL01$h1913
=CAT  \\$aBATCH-DCW$b00$c20230302$lBLL01$h1208
=FIN  \\$aY$d20170803
=LKR  \\$aPAR$lBLL01$r776$b000664118$mDes allerdurchleuchtigisten vnd grossmechtigisten Fürsten vnd herren herren Karls Romischen vnd Hyspanischen Konigs, auch künfftigen Kaysers Einzug, yetzt zu Ach am .xxij. tag Octobris beschehen, gantz lustbarlich vn̄ kurtzweylig zu lesen.$nDes allerdurchleuchtigisten vnd grossmechtigisten Fürsten vnd herren herren Karls Romischen vnd Hyspanischen Konigs, auch künfftigen Kaysers Einzug, yetzt zu Ach am .xxij. tag Octobris beschehen, gantz lustbarlich vn̄ kurtzweylig zu lesen.
=DGM  \\$a000664118$bCatBridge variable field
=DRT  \\$aDCW
=DRT  \\$aGOOGLEBOOKS
=SRC  \\$aDCW$bDCW_20230301
=SRC  \\$aGOOGLEBOOKS$bGoogleBooks_20170802
=OHC  \\$a1
=LAS  \\$aBATCH-DCW$b00$c20230302$lBLL01$h1208

