=LDR  01610 cm a22004337  4500
=001  018612469
=003  Uk
=005  20180605114427.0
=007  cr\mn\024mpada
=008  930310s1874\\\\enk|||\|s||||||||\\\eng\|
=FMT  \\$a  MU
=019  d\$acd01050905
=040  \\$aUk$cUk
=041  0\$aeng
=082  14$a780$215
=100  1\$aChopin, Frédéric,$d1810-1849.
=240  10$aŚpiewy polskie.$lEnglish
=245  10$a17 Polish Songs by Witwicki, Zaleski, Mickiewicz, etc. ... translated through the German of F. Gumbert by ... J. Troutbeck. Op. 74.
=260  \\$aLondon,$c[1874]
=300  \\$c4.̊
=336  \\$anotated music$2rdacontent
=337  \\$acomputer$2rdamedia
=338  \\$aonline$2rdacarrier
=700  1\$aTroutbeck, J.$q(John),$d1832-1899.
=859  \\$aXLD$bDCW
=859  \\$aXLD$bGOOGLEBOOKS
=852  4\$cDRT$jDigital Store F.431$aBritish Library$bMUSIC
=CAT  \\$aBATCH-DCW$b00$c20171119$lBLL01$h0201
=CAT  \\$aBATCH-DCW$b00$c20180204$lBLL01$h0226
=CAT  \\$a14843$b40$c20180605$lBLL01$h1144
=FIN  \\$aY$d20171119
=LKR  \\$aPAR$lBLL01$r776$b004267559$m17 Polish Songs by Witwicki, Zaleski, Mickiewicz, etc. ... translated through the German of F. Gumbert by ... J. Troutbeck. Op. 74.$n17 Polish Songs by Witwicki, Zaleski, Mickiewicz, etc. ... translated through the German of F. Gumbert by ... J. Troutbeck. Op. 74.
=DGM  \\$a004267559$bCatBridge variable field
=DRT  \\$aDCW
=DRT  \\$aGOOGLEBOOKS
=SRC  \\$aDCW$bDCW_20180203
=SRC  \\$aGOOGLEBOOKS$bGoogleBooks_20171118
=OHC  \\$a1
=LAS  \\$a14843$b40$c20180605$lBLL01$h1144

