=LDR  01327cam a2200421 a 4500
=001  019794229
=003  Uk
=005  20231011180945.0
=007  cr\mn\024mpada
=008  871130s1848\\\\enk\\\\\s\\\\\000\1\eng\\
=FMT  \\$a  BK
=019  x\$a0240440153
=040  \\$aUk$cUk$dUk
=100  1\$aBrontë, Anne,$d1820-1849.
=245  14$aThe tenant of Wildfell Hall /$cby Acton Bell.
=250  \\$a2nd ed.
=260  \\$aLondon :$bT.C. Newby,$c1848.
=300  \\$a3 v. ;$c20 cm.
=336  \\$atext$2rdacontent
=337  \\$acomputer$2rdamedia
=338  \\$aonline$2rdacarrier
=859  \\$aXLD$bDCW
=859  \\$aXLD$bGOOGLEBOOKS
=852  4\$cDRT$jDigital Store N.2719.$aBritish Library$bHMNTS
=CAT  \\$aBATCH-DCW$b00$c20200524$lBLL01$h0201
=CAT  \\$aBATCH-DCW$b00$c20200526$lBLL01$h1542
=CAT  \\$aBATCH-DCW$c20200708$lBLL01$h1122
=CAT  \\$aBATCH-DCW$b00$c20231011$lBLL01$h1808
=FIN  \\$aY$d20200524
=LKR  \\$aPAR$lBLL01$r776$b000258643$mThe tenant of Wildfell Hall /$nThe tenant of Wildfell Hall /
=DGM  \\$a000258643$bCatBridge variable field
=DRT  \\$aDCW
=DRT  \\$aGOOGLEBOOKS
=SRC  \\$aDCW$bDCW_20230323
=SRC  \\$aGOOGLEBOOKS$bGoogleBooks_20200522
=SRC  \\$aGOOGLEBOOKS$bGoogleBooks_20200523
=OHC  \\$a1
=LAS  \\$aBATCH-DCW$b00$c20231011$lBLL01$h1808

