=LDR  02225cam a22004813  4500
=001  019987504
=003  Uk
=005  20230302120917.0
=007  cr\mn\024mpada
=008  891005|1538||||it\\\\\|s\\\\||||\||ita\\
=FMT  \\$a  BK
=019  x\$a2491890119
=040  \\$aUk$cUk
=240  10$aAppendix
=245  10$aL'Ordine, Pompa, et Modo successo per la venuta della Santita di N. S., & della Cesa. Maiesta, e del Re Christianissimo, & della ... Regina sua Consorte alla citta di Nizza per trattar la pace ... Con capituli, & conventioni, etc.
=264  \1$aVenegia,$c[1538]
=300  \\$a2 parts ;$c(4º)
=336  \\$atext$2rdacontent
=337  \\$acomputer$2rdamedia
=338  \\$aonline$2rdacarrier
=340  \\$m4to$2rdabf
=500  \\$aFour leaves, without pagination.
=600  00$aCharles$bV,$cHoly Roman Emperor,$d1500-1558.
=600  00$aFrancis$bI,$cKing of France,$d1494-1547.
=600  00$aPaul$bIII,$cPope,$d1468-1549.
=883  0\$aLanguage codes assigned by Bayesian analysis of words present in record$d20181024$qUk$c0.997
=859  \\$aXLD$bDCW
=859  \\$aXLD$bGOOGLEBOOKS
=852  4\$cDRT$jDigital Store 1054.i.32.$aBritish Library$bHMNTS
=985  \\$aCorrected by MS generated file for WR# 1805-0738
=CAT  \\$aBATCH-DCW$b00$c20201024$lBLL01$h0201
=CAT  \\$aBATCH-DCW$b00$c20201025$lBLL01$h0528
=CAT  \\$aBATCH-DCW$b00$c20230302$lBLL01$h1208
=FIN  \\$aY$d20201024
=LKR  \\$aPAR$lBLL01$r776$b002795449$mL'Ordine, Pompa, et Modo successo per la venuta della Santita di N. S., & della Cesa. Maiesta, e del Re Christianissimo, & della ... Regina sua Consorte alla citta di Nizza per trattar la pace ... Con capituli, & conventioni, etc.$nL'Ordine, Pompa, et Modo successo per la venuta della Santita di N. S., & della Cesa. Maiesta, e del Re Christianissimo, & della ... Regina sua Consorte alla citta di Nizza per trattar la pace ... Con capituli, & conventioni, etc.
=DGM  \\$a002795449$bCatBridge variable field
=DRT  \\$aDCW
=DRT  \\$aGOOGLEBOOKS
=SRC  \\$aDCW$bDCW_20230301
=SRC  \\$aGOOGLEBOOKS$bGoogleBooks_20201023
=SRC  \\$aGOOGLEBOOKS$bGoogleBooks_20201024
=OHC  \\$a1
=LAS  \\$aBATCH-DCW$b00$c20230302$lBLL01$h1208

