=LDR  02937cam a22004693  4500
=001  020310263
=003  Uk
=005  20230302120917.0
=007  cr\mn\024mpada
=008  020513|1559||||gw\\\\\|s\\\\||||\||ger\\
=FMT  \\$a  BK
=019  x\$a1452400172
=040  \\$aUk$cUk
=245  10$aWarhafftige newe Zeittung von dem ... König zu Franckreich, wie seine Königliche Maiestat, zu Pariss, im Thurnier, von einem Edelman ... beschedigt worden, den eylfften tag des Hewmonats dieses ... Jars ... verschiden, etc.
=264  \1$aNürnberg,$c[1559]
=300  \\$c(4º)
=336  \\$atext$2rdacontent
=337  \\$acomputer$2rdamedia
=338  \\$aonline$2rdacarrier
=340  \\$m4to$2rdabf
=700  1\$aWalckenaer, C. A.$q(Charles Athanase),$d1771-1852$c(Charles Athanase),.
=720  \\$aHenry$bII,$cKing of France,$d1519-1559.
=775  0\$t[Warhafftige newe Zeittung von dem ... König zu Franckreich, wie seine Königliche Maiestat, zu Pariss, im Thurnier, von einem Edelman ... beschedigt worden, den eylfften tag des Hewmonats dieses ... Jars ... verschiden, etc.]$w(Uk)MP1.0001744116.1$d[Augsburg? 1559.] 4º.
=883  0\$aLanguage codes assigned by Bayesian analysis of words present in record$d20181024$qUk$c0.997
=886  2\$2blmarc$a709$b00$aWALCKENAER$hCharles Athanase$fBaron$p9200.c.27.$x3433410321
=859  \\$aXLD$bDCW
=859  \\$aXLD$bGOOGLEBOOKS
=852  4\$cDRT$jDigital Store 9200.c.27.$aBritish Library$bHMNTS
=985  \\$aCorrected by MS generated file for WR# 1805-0738
=985  \\$aDisaggregated record: Type B
=CAT  \\$aBATCH-DCW$b00$c20210830$lBLL01$h0201
=CAT  \\$aBATCH-DCW$b00$c20230302$lBLL01$h1208
=FIN  \\$aY$d20210830
=LKR  \\$aPAR$b001653725$r775$mWarhafftige newe Zeittung von dem ... König zu Franckreich, wie seine Königliche Maiestat, zu Pariss, im Thurnier, von einem Edelman ... beschedigt worden, den eylfften tag des Hewmonats dieses ... Jars ... verschiden, etc.$n[Warhafftige newe Zeittung von dem ... König zu Franckreich, wie seine Königliche Maiestat, zu Pariss, im Thurnier, von einem Edelman ... beschedigt worden, den eylfften tag des Hewmonats dieses ... Jars ... verschiden, etc.]
=LKR  \\$aPAR$lBLL01$r776$b001653724$mWarhafftige newe Zeittung von dem ... König zu Franckreich, wie seine Königliche Maiestat, zu Pariss, im Thurnier, von einem Edelman ... beschedigt worden, den eylfften tag des Hewmonats dieses ... Jars ... verschiden, etc.$nWarhafftige newe Zeittung von dem ... König zu Franckreich, wie seine Königliche Maiestat, zu Pariss, im Thurnier, von einem Edelman ... beschedigt worden, den eylfften tag des Hewmonats dieses ... Jars ... verschiden, etc.
=DGM  \\$a001653724$bCatBridge variable field
=DRT  \\$aDCW
=DRT  \\$aGOOGLEBOOKS
=SRC  \\$aDCW$bDCW_20230301
=SRC  \\$aGOOGLEBOOKS$bGoogleBooks_20210829
=OHC  \\$a1
=LAS  \\$aBATCH-DCW$b00$c20230302$lBLL01$h1208

