=LDR  03927cam a22005293  4500
=001  018681791
=003  Uk
=005  20230302120917.0
=007  cr\mn\024mpada
=008  880412|1549||||fr\\\\\|s\\\\||||\||fre\\
=FMT  \\$a  BK
=019  x\$a0562320075
=040  \\$aUk$cUk
=240  10$aAppendix. Biography
=245  10$aC'est l'ordre et forme qui a este tenue au Sacre & Couronnemēt de treshaulte & tresillustre Dame, Madame Catharine de Medicis, Royne de France faict en l'Eglise Monseigneur sainct Denys, en France, le x iour de Iuin M.D.XLIX.
=264  \1$aParis :$bOn les vend par I. Dallier,$c[1549]
=300  \\$aff. 11 ;$c(4º)
=336  \\$atext$2rdacontent
=337  \\$acomputer$2rdamedia
=338  \\$aonline$2rdacarrier
=340  \\$m4to$2rdabf
=720  \\$aCatherine de Médicis,$cQueen, consort of Henry II, King of France,$d1519-1589.
=775  0\$t[C'est l'ordre et forme qui a este tenue au Sacre & Couronnemēt de treshaulte & tresillustre Dame, Madame Catharine de Medicis, Royne de France faict en l'Eglise Monseigneur sainct Denys, en France, le x iour de Iuin M.D.XLIX.]$w(Uk)MP1.0000667423.1$dff. 10. Par I. Dallier: Paris, [1549.] 4º.
=775  0\$t[C'est l'ordre et forme qui a este tenue au Sacre & Couronnemēt de treshaulte & tresillustre Dame, Madame Catharine de Medicis, Royne de France faict en l'Eglise Monseigneur sainct Denys, en France, le x iour de Iuin M.D.XLIX.]$w(Uk)MP1.0000667423.2$nIn Godefroy (T.) Le Ceremonial de France, etc. 1619. 4º.
=883  0\$aLanguage codes assigned by Bayesian analysis of words present in record$d20181024$qUk$c0.997
=859  \\$aXLD$bDCW
=859  \\$aXLD$bGOOGLEBOOKS
=852  4\$cDRT$jDigital Store 813.f.54.$aBritish Library$bHMNTS
=985  \\$aUpgraded by BSS-generated file for WR1910-0531
=CAT  \\$aBATCH-DCW$b00$c20180115$lBLL01$h1407
=CAT  \\$aBATCH-UPD$b00$c20180115$lBLL01$h1408
=CAT  \\$a1805-0738$c20190111$lBLL01$h1808
=CAT  \\$a1805-0738$b00$c20190111$lBLL01$h1828
=CAT  \\$aW1903-1550$b00$c20190614$lBLL01$h1914
=CAT  \\$aW1910-0531$b00$c20191108$lBLL01$h1841
=CAT  \\$aBATCH-DCW$b00$c20230302$lBLL01$h1208
=FIN  \\$aY$d20180115
=LKR  \\$aPAR$b000634862$r775$mC'est l'ordre et forme qui a este tenue au Sacre & Couronnemēt de treshaulte & tresillustre Dame, Madame Catharine de Medicis, Royne de France faict en l'Eglise Monseigneur sainct Denys, en France, le x iour de Iuin M.D.XLIX.$n[C'est l'ordre et forme qui a este tenue au Sacre & Couronnemēt de treshaulte & tresillustre Dame, Madame Catharine de Medicis, Royne de France faict en l'Eglise Monseigneur sainct Denys, en France, le x iour de Iuin M.D.XLIX.]
=LKR  \\$aPAR$b000634863$r775$mC'est l'ordre et forme qui a este tenue au Sacre & Couronnemēt de treshaulte & tresillustre Dame, Madame Catharine de Medicis, Royne de France faict en l'Eglise Monseigneur sainct Denys, en France, le x iour de Iuin M.D.XLIX.$n[C'est l'ordre et forme qui a este tenue au Sacre & Couronnemēt de treshaulte & tresillustre Dame, Madame Catharine de Medicis, Royne de France faict en l'Eglise Monseigneur sainct Denys, en France, le x iour de Iuin M.D.XLIX.]
=LKR  \\$aPAR$lBLL01$r776$b000634861$mC'est l'ordre et forme qui a este tenue au Sacre & Couronnemēt de treshaulte & tresillustre Dame, Madame Catharine de Medicis, Royne de France faict en l'Eglise Monseigneur sainct Denys, en France, le x iour de Iuin M.D.XLIX.$nC'est l'ordre et forme qui a este tenue au Sacre & Couronnemēt de treshaulte & tresillustre Dame, Madame Catharine de Medicis, Royne de France faict en l'Eglise Monseigneur sainct Denys, en France, le x iour de Iuin M.D.XLIX.
=DGM  \\$a000634861$bCatBridge variable field
=DRT  \\$aDCW
=DRT  \\$aGOOGLEBOOKS
=SRC  \\$aDCW$bDCW_20230301
=SRC  \\$aGOOGLEBOOKS$bGoogleBooks_20170722
=OHC  \\$a1
=LAS  \\$aBATCH-DCW$b00$c20230302$lBLL01$h1208

