=LDR  01930 cm a22004935a 4500
=001  018738057
=003  Uk
=005  20180209022407.0
=007  cr\mn\024mpada
=008  040723s1865\\\\xxk||z\|s|||||||\\\|\\\\\
=FMT  \\$a  MU
=028  21$a(W & Co. no. 959)$bWessel & Co.
=040  \\$aUk$bEng$cUk
=082  04$a786.21884$221
=100  1\$aChopin, Frédéric,$d1810-1849.
=240  10$aMazurkas,$mpiano,$nop. 7
=245  10$a"Souvenir de la Pologny :$bsecond set of mazurkas,$ccomposed by Fred. Chopin. Op. 7.
=264  \1$aLondon :$bAshdown & Parry,$c[ca. 1865.]
=300  \\$a10 pages ;$c33 cm.
=336  \\$anotated music$2rdacontent
=337  \\$acomputer$2rdamedia
=338  \\$aonline$2rdacarrier
=340  \\$mfolio$2rdabf
=490  1\$aWessel & Co.'s complete collection of the compositions of Frederic Chopin for the piano forte ;$vno. 6
=650  \0$aMazurkas.
=650  \0$aPiano music.
=859  \\$aXLD$bDCW
=859  \\$aXLD$bGOOGLEBOOKS
=852  4\$cDRT$jDigital Store Tyson P.M.110.(2.)$aBritish Library$bMUSIC
=985  \\$a245: no closing quotation marks discernable on copy. Date: original Wessel ed. = 1833 (Kobylanska); but op. 64 on advert published 1848, and A & P were at 18 Hanover Sq 1860-1867.
=985  \\$aCorrected by MS generated file for WR# 1805-0738
=CAT  \\$aBATCH-DCW$b00$c20180209$lBLL01$h0224
=CAT  \\$aBATCH-DCW$b00$c20180220$lBLL01$h0207
=CAT  \\$a1805-0738$c20190111$lBLL01$h1809
=CAT  \\$a1805-0738$b00$c20190111$lBLL01$h1829
=FIN  \\$aY$d20180209
=LKR  \\$aPAR$lBLL01$r776$b013031613$m"Souvenir de la Pologny : second set of mazurkas,$n"Souvenir de la Pologny : second set of mazurkas,
=DGM  \\$a013031613$bCatBridge variable field
=DRT  \\$aDCW
=DRT  \\$aGOOGLEBOOKS
=SRC  \\$aDCW$bDCW_20180208
=SRC  \\$aGOOGLEBOOKS$bGoogleBooks_20180219
=OHC  \\$a1
=LAS  \\$a1805-0738$b00$c20190111$lBLL01$h1829

