=LDR  01603 am a22004693  4500
=001  018740709
=003  Uk
=005  20201013020558.0
=007  cr\mn\024mpada
=008  881117|1503|||||||\\\\|s\\\\\|||\||lat\\
=FMT  \\$a  BK
=019  x\$a1523960035
=040  \\$aUk$cUk
=100  0\$aHorace.
=240  10$aSingle Works. Ars Poetica. Latin
=245  10$aHoratius de arte poetica. G.L.
=264  \1$a[Deventer] :$bImpensis Richardi paffraet,$c1503.
=300  \\$c(4º)
=336  \\$atext$2rdacontent
=337  \\$acomputer$2rdamedia
=338  \\$aonline$2rdacarrier
=340  \\$m4to$2rdabf
=500  \\$a16 leaves, without pagination. Sig. A-C, A and B with 18, and C with 15 lines to a full page.
=859  \\$aXLD$bDCW
=859  \\$aXLD$bGOOGLEBOOKS
=852  4\$cDRT$jDigital Store 1349.e.4.$aBritish Library$bHMNTS
=985  \\$aCorrected by MS generated file for WR# 11/211
=985  \\$aEnhanced by MS generated file for WR# 13/021
=985  \\$aCorrected by MS generated file for WR# 1805-0738
=CAT  \\$aBATCH-DCW$b00$c20180211$lBLL01$h0202
=CAT  \\$a1805-0738$c20190111$lBLL01$h1809
=CAT  \\$a1805-0738$b00$c20190111$lBLL01$h1829
=CAT  \\$aBATCH-DCW$b00$c20201013$lBLL01$h0205
=FIN  \\$aY$d20180211
=LKR  \\$aPAR$lBLL01$r776$b001734045$mHoratius de arte poetica. G.L.$nHoratius de arte poetica. G.L.
=DGM  \\$a001734045$bCatBridge variable field
=DRT  \\$aDCW
=DRT  \\$aGOOGLEBOOKS
=SRC  \\$aDCW$bDCW_20201012
=SRC  \\$aGOOGLEBOOKS$bGoogleBooks_20180210
=OHC  \\$a1
=LAS  \\$aBATCH-DCW$b00$c20201013$lBLL01$h0205

