=LDR  02091cam a22004813  4500
=001  018857656
=003  Uk
=005  20230302120917.0
=007  cr\mn\024mpada
=008  880718|1656|||||||\\\\|s\\\\\|||\||ita\\
=FMT  \\$a  BK
=019  x\$a1080150161
=040  \\$aUk$cUk
=100  1\$aFESTINI, Carlo.
=245  10$aI Trionfi della Magnificenza Pontificia celebrati per lo Passaggio nelle Cittá e luoghi dello Stato Ecclesiastico, e in Roma, per lo ricevimento ... della Regina di Suetia.
=264  \1$aRoma,$c1656.
=300  \\$c(4º)
=336  \\$atext$2rdacontent
=337  \\$acomputer$2rdamedia
=338  \\$aonline$2rdacarrier
=340  \\$m4to$2rdabf
=720  \\$aChristina,$cQueen of Sweden,$d1626-1689.
=886  2\$2blmarc$a709$b00$aCHRISTINA, Queen of Sweden$p605.c.41.$x0620490195
=883  0\$aLanguage codes assigned by Bayesian analysis of words present in record$d20181024$qUk$c0.997
=859  \\$aXLD$bDCW
=859  \\$aXLD$bGOOGLEBOOKS
=852  4\$cDRT$jDigital Store 605.c.41.$aBritish Library$bHMNTS
=985  \\$aCorrected by BSS-generated file for WR# 10/107
=985  \\$aCorrected by MS generated file for WR# 1805-0738
=CAT  \\$aBATCH-DCW$b00$c20180504$lBLL01$h0201
=CAT  \\$a1805-0738$c20190111$lBLL01$h1814
=CAT  \\$a1805-0738$b00$c20190111$lBLL01$h1833
=CAT  \\$aW1903-1550$b00$c20190614$lBLL01$h1916
=CAT  \\$aBATCH-DCW$b00$c20230302$lBLL01$h1208
=FIN  \\$aY$d20180504
=LKR  \\$aPAR$lBLL01$r776$b001225868$mI Trionfi della Magnificenza Pontificia celebrati per lo Passaggio nelle Cittá e luoghi dello Stato Ecclesiastico, e in Roma, per lo ricevimento ... della Regina di Suetia.$nI Trionfi della Magnificenza Pontificia celebrati per lo Passaggio nelle Cittá e luoghi dello Stato Ecclesiastico, e in Roma, per lo ricevimento ... della Regina di Suetia.
=DGM  \\$a001225868$bCatBridge variable field
=DRT  \\$aDCW
=DRT  \\$aGOOGLEBOOKS
=SRC  \\$aDCW$bDCW_20230301
=SRC  \\$aGOOGLEBOOKS$bGoogleBooks_20180503
=OHC  \\$a1
=LAS  \\$aBATCH-DCW$b00$c20230302$lBLL01$h1208

